@inproceedings{3D_interpreter,
  title = {Single image 3D interpreter network},
  author = {Wu, Jiajun and Xue, Tianfan and Lim, Joseph J and Tian, Yuandong and Tenenbaum, Joshua B and Torralba, Antonio and Freeman, William T},
  booktitle = {European Conference on Computer Vision},
  pages = {365--382},
  year = {2016},
  organization = {Springer}
}


@inproceedings{3dpw,
  title      =  {Recovering accurate 3D human pose in the wild using imus and a moving camera},
  author     =  {von Marcard, Timo and Henschel, Roberto and Black, Michael J and Rosenhahn, Bodo and Pons-Moll, Gerard},
  booktitle  =  {Proceedings of the European Conference on Computer Vision },
  pages      =  {601--617},
  year       =  {2018}
}

@misc{AIGN,
   title = {Adversarial inverse graphics networks: Learning 2d-to-3d lifting and image-to-image translation from unpaired supervision},
  author = {Tung, Hsiao-Yu Fish and Harley, Adam W and Seto, William and Fragkiadaki, Katerina},
  booktitle = {2017 IEEE International Conference on Computer Vision },
  pages = {4364--4372},
  year = {2017},
  organization = {IEEE}
}


 @article{amazon1,
  title = {Unsupervised 3d pose estimation with geometric self-supervision},
  author = {Chen, Ching-Hang and Tyagi, Ambrish and Agrawal, Amit and Drover, Dylan and Stojanov, Stefan and Rehg, James M},
  booktitle = {Proceedings of the IEEE Conference on Computer Vision and Pattern Recognition},
  pages = {5714--5724},
  year = {2019}
}

} 
@misc{autoencoding_beyond_pixels,
  title = {Autoencoding beyond pixels using a learned similarity metric},
  author = {Larsen, Anders Boesen Lindbo and S{\o}nderby, S{\o}ren Kaae and Larochelle, Hugo and Winther, Ole},
  booktitle = {International conference on machine learning},
  pages = {1558--1566},
  year = {2016},
  organization = {PMLR}
}


 @inproceedings{ballard1987modular,
  title      =  {Modular Learning in Neural Networks.},
  author     =  {Ballard, Dana H},
  booktitle  =  {AAAI},
  pages      =  {279--284},
  year       =  {1987}
} 
@inproceedings{c3dpo,
  title      =  {C3DPO: Canonical 3d pose networks for non-rigid structure from motion},
  author     =  {Novotny, David and Ravi, Nikhila and Graham, Benjamin and Neverova, Natalia and Vedaldi, Andrea},
  booktitle  =  {Proceedings of the IEEE International Conference on Computer Vision},
  pages      =  {7688--7697},
  year       =  {2019}
}
@article{CameraDistanceAware,
  title = {Camera distance-aware top-down approach for 3d multi-person pose estimation from a single rgb image},
  author = {Moon, Gyeongsik and Chang, Ju Yong and Lee, Kyoung Mu},
  booktitle = {Proceedings of the IEEE International Conference on Computer Vision},
  pages = {10133--10142},
  year = {2019}

}
@misc{camerageneralization,
  title          =  {Predicting Camera Viewpoint Improves Cross-dataset Generalization for 3D Human Pose Estimation},
  author         =  {Zhe Wang and Daeyun Shin and Charless C. Fowlkes},
  year           =  {2020},
  eprint         =  {2004.03143},
  archiveprefix  =  {arXiv},
  primaryclass   =  {cs.CV}
}

@misc{can3dpose,
  title = {Can 3d pose be learned from 2d projections alone?},
  author = {Drover, Dylan and Chen, Ching-Hang and Agrawal, Amit and Tyagi, Ambrish and Phuoc Huynh, Cong},
  booktitle = {Proceedings of the European Conference on Computer Vision },
  pages = {0--0},
  year = {2018}
}

@article{cmuPanoptic,
  author     =  {Hanbyul Joo, Hao Liu},
  title      =  {Panoptic Studio: A Massively Multiview System for Social Motion Capture},
  booktitle  =  {ICCV},
  year       =  {2015}
}

@inproceedings{CrossingNets,
   title = {Crossing nets: Combining gans and vaes with a shared latent space for hand pose estimation},
  author = {Wan, Chengde and Probst, Thomas and Van Gool, Luc and Yao, Angela},
  booktitle = {Proceedings of the IEEE Conference on Computer Vision and Pattern Recognition},
  pages = {680--689},
  year = {2017}
}

@inproceedings{crossmodal,
  title = {Cross-modal deep variational hand pose estimation},
  author = {Spurr, Adrian and Song, Jie and Park, Seonwook and Hilliges, Otmar},
  booktitle = {Proceedings of the IEEE Conference on Computer Vision and Pattern Recognition},
  pages = {89--98},
  year = {2018}

}
@inproceedings{cyclicbeta,
  title      =  {Cyclical Annealing Schedule: A Simple Approach to Mitigating {KL} Vanishing},
  author     =  {Hao Fu},
  booktitle  =  {NAACL},
  year       =  {2019}
}

@article{deepimageprior,
  title = {Deep image prior},
  author = {Ulyanov, Dmitry and Vedaldi, Andrea and Lempitsky, Victor},
  booktitle = {Proceedings of the IEEE Conference on Computer Vision and Pattern Recognition},
  pages = {9446--9454},
  year = {2018}
}


@inproceedings{deepNRSFM,
  title = {Deep non-rigid structure from motion},
  author = {Kong, Chen and Lucey, Simon},
  booktitle = {Proceedings of the IEEE International Conference on Computer Vision},
  pages = {1558--1567},
  year = {2019}
}
@inproceedings{DistillNRSfM,
  title = {Distill knowledge from nrsfm for weakly supervised 3d pose learning},
  author = {Wang, Chaoyang and Kong, Chen and Lucey, Simon},
  booktitle = {Proceedings of the IEEE International Conference on Computer Vision},
  pages = {743--752},
  year = {2019}
}
@misc{gan_dropout,
  title = {Image-to-image translation with conditional adversarial networks},
  author = {Isola, Phillip and Zhu, Jun-Yan and Zhou, Tinghui and Efros, Alexei A},
  booktitle = {Proceedings of the IEEE conference on computer vision and pattern recognition},
  pages = {1125--1134},
  year = {2017}
}

@misc{gan_hacks,
  title    =  {How to Train a GAN? Tips and tricks to make GANs work},
  journal  =  {GitHub},
  author   =  {Soumith, Chintala and Emily Denton and Martin Arjovsky and Michael Mathieu},
  year     =  {2016}
}

@misc{goodfellow2014generative,
  title = {Generative adversarial nets},
  author = {Goodfellow, Ian and Pouget-Abadie, Jean and Mirza, Mehdi and Xu, Bing and Warde-Farley, David and Ozair, Sherjil and Courville, Aaron and Bengio, Yoshua},
  booktitle = {Advances in neural information processing systems},
  pages = {2672--2680},
  year = {2014}
}

@article{H3.6,
  author   =  {C. {Ionescu} and D. {Papava} and V. {Olaru} and C. {Sminchisescu}},
  journal  =  {IEEE Transactions on Pattern Analysis and Machine Intelligence},
  title    =  {Human3.6M: Large Scale Datasets and Predictive Methods for 3D Human Sensing in Natural Environments},
  year     =  {2014},
  pages    =  {1325-1339}
}

 @inproceedings{HandDisentangled,
  title = {3D Hand Pose Estimation with Disentangled Cross-Modal Latent Space},
  author = {Gu, Jiajun and Wang, Zhiyong and Ouyang, Wanli and Li, Jiafeng and Zhuo, Li and others},
  booktitle = {The IEEE Winter Conference on Applications of Computer Vision},
  pages = {391--400},
  year = {2020}
}

@article{hinton_dimentionality,
  title = {Reducing the dimensionality of data with neural networks},
  author = {Hinton, Geoffrey E and Salakhutdinov, Ruslan R},
  journal = {science},
  volume = {313},
  number = {5786},
  pages = {504--507},
  year = {2006},
  publisher = {American Association for the Advancement of Science}
}

@misc{HumanEva,
 title = {Humaneva: Synchronized video and motion capture dataset and baseline algorithm for evaluation of articulated human motion},
  author = {Sigal, Leonid and Balan, Alexandru O and Black, Michael J},
  journal = {International journal of computer vision},
  volume = {87},
  number = {1-2},
  pages = {4},
  year = {2010},
  publisher = {Springer}
}

@inproceedings{imagedenoisingpaper,
  title      =  {Image denoising and inpainting with deep neural networks},
  author     =  {Xie, Junyuan and Xu, Linli and Chen, Enhong},
  booktitle  =  {Advances in neural information processing systems},
  pages      =  {341--349},
  year       =  {2012}
}

@misc{improved_gan,
  title = {Improved techniques for training gans},
  author = {Salimans, Tim and Goodfellow, Ian and Zaremba, Wojciech and Cheung, Vicki and Radford, Alec and Chen, Xi},
  journal = {Advances in neural information processing systems},
  volume = {29},
  pages = {2234--2242},
  year = {2016}
}

@misc{jahangiri,
  title = {Generating multiple diverse hypotheses for human 3d pose consistent with 2d joint detections},
  author = {Jahangiri, Ehsan and Yuille, Alan L},
  booktitle = {Proceedings of the IEEE International Conference on Computer Vision Workshops},
  pages = {805--814},
  year = {2017}
}

@inproceedings{JTA,
  title      =  {Learning to Detect and Track Visible and Occluded Body Joints in a Virtual World},
  author     =  {Fabbri, Matteo and Lanzi, Fabio and Calderara, Simone and Palazzi, Andrea and Vezzani, Roberto and Cucchiara, Rita},
  booktitle  =  {European Conference on Computer Vision },
  year       =  {2018}
}


@misc{kingma2013autoencoding,
  title          =  {Auto-Encoding Variational Bayes},
  author         =  {Diederik P Kingma and Max Welling},  
  booktitle         =  {The 2nd International Conferenceon Learning Representations},
  year           =  {2013},
}

@misc{martin2017principled,
  title          =  {Towards Principled Methods for Training Generative Adversarial Networks},
  author         =  {Martin Arjovsky and LÃ©on Bottou},
  year           =  {2017},
  eprint         =  {1701.04862},
  archiveprefix  =  {arXiv},
  primaryclass   =  {stat.ML}
}

@inproceedings{MartinezHRL17,
  title = {A simple yet effective baseline for 3d human pose estimation},
  author = {Martinez, Julieta and Hossain, Rayat and Romero, Javier and Little, James J},
  booktitle = {Proceedings of the IEEE International Conference on Computer Vision},
  pages = {2640--2649},
  year = {2017}
}

@misc{mish,
  title = {Mish: A self regularized non-monotonic neural activation function},
  author = {Misra, Diganta},
  journal = {arXiv preprint arXiv:1908.08681},
  year = {2019}
}

@misc{mixturedensitymodel,
  title = {Occlusion-aware hand pose estimation using hierarchical mixture density network},
  author = {Ye, Qi and Kim, Tae-Kyun},
  booktitle = {Proceedings of the European Conference on Computer Vision },
  pages = {801--817},
  year = {2018}

}

@article{MMVAE,
   title = {Variational mixture-of-experts autoencoders for multi-modal deep generative models},
  author = {Shi, Yuge and Paige, Brooks and Torr, Philip and others},
  journal = {Advances in Neural Information Processing Systems},
  volume = {32},
  pages = {15718--15729},
  year = {2019}
}


@misc{multiplehypo,
  title = {Generating multiple hypotheses for 3d human pose estimation with mixture density network},
  author = {Li, Chen and Lee, Gim Hee},
  booktitle = {Proceedings of the IEEE Conference on Computer Vision and Pattern Recognition},
  pages = {9887--9895},
  year = {2019}
}



@article{nrsfm++,
  title = {Deep nrsfm++: Towards 3d reconstruction in the wild},
  author = {Wang, Chaoyang and Lin, Chen-Hsuan and Lucey, Simon},
  journal = {arXiv preprint arXiv:2001.10090},
  year = {2020}
}

@inproceedings{occlusionVideo,
   title = {Occlusion-aware networks for 3d human pose estimation in video},
  author = {Cheng, Yu and Yang, Bo and Wang, Bo and Yan, Wending and Tan, Robby T},
  booktitle = {Proceedings of the IEEE International Conference on Computer Vision},
  pages = {723--732},
  year = {2019}
}

@misc{openaigan2wgan,
  title = {From GAN to WGAN},
  author = {Weng, Lilian},
  journal = {arXiv preprint arXiv:1904.08994},
  year = {2019}
}

@misc{ordinalranking,
  title = {Monocular 3d human pose estimation by generation and ordinal ranking},
  author = {Sharma, Saurabh and Varigonda, Pavan Teja and Bindal, Prashast and Sharma, Abhishek and Jain, Arjun},
  booktitle = {Proceedings of the IEEE International Conference on Computer Vision},
  pages = {2325--2334},
  year = {2019}
}

@article{poselifter,
  title    =  {AbsPoseLifter: Absolute 3D Human Pose Lifting Network from a Single Noisy 2D Human Pose},
  author   =  {Chang, Ju Yong and Moon, Gyeongsik and Lee, Kyoung Mu},
  journal  =  {arXiv preprint arXiv:1910.12029},
  year     =  {2019}
}

@article{repnet,
  title = {Repnet: Weakly supervised training of an adversarial reprojection network for 3d human pose estimation},
  author = {Wandt, Bastian and Rosenhahn, Bodo},
  booktitle = {Proceedings of the IEEE conference on computer vision and pattern recognition},
  pages = {7782--7791},
  year = {2019}
}

@article{resnet,
  title = {Deep residual learning for image recognition},
  author = {He, Kaiming and Zhang, Xiangyu and Ren, Shaoqing and Sun, Jian},
  booktitle = {Proceedings of the IEEE conference on computer vision and pattern recognition},
  pages = {770--778},
  year = {2016}
}


@techreport{rumelhart1985learning,
  title        =  {Learning internal representations by error propagation},
  author       =  {Rumelhart, David E and Hinton, Geoffrey E and Williams, Ronald J},
  year         =  {1985},
  institution  =  {California Univ San Diego La Jolla Inst for Cognitive Science}
}

@misc{soumith2017wasserstein,
  title = {Improved training of wasserstein gans},
  author = {Gulrajani, Ishaan and Ahmed, Faruk and Arjovsky, Martin and Dumoulin, Vincent and Courville, Aaron C},
  journal = {Advances in neural information processing systems},
  volume = {30},
  pages = {5767--5777},
  year = {2017}
}

@misc{spherical_sampling,
  title          =  {Sampling Generative Networks},
  author         =  {Tom White},
  year           =  {2016},
  eprint         =  {1609.04468},
  archiveprefix  =  {arXiv},
  primaryclass   =  {cs.NE}
}

@misc{theory_dl,
  title          =  {A Selective Overview of Deep Learning},
  author         =  {Jianqing Fan and Cong Ma and Yiqiao Zhong},
  year           =  {2019},
  eprint         =  {1904.05526},
  archiveprefix  =  {arXiv},
  primaryclass   =  {stat.ML}
}

@misc{umap,
  title          =  {UMAP: Uniform Manifold Approximation and Projection for Dimension Reduction},
  author         =  {Leland McInnes and John Healy and James Melville},
  year           =  {2020},
  eprint         =  {1802.03426},
  archiveprefix  =  {arXiv},
  primaryclass   =  {stat.ML}
}

@article{unsupervisedAdversarial,
  title = {Unsupervised adversarial learning of 3d human pose from 2d joint locations},
  author = {Kudo, Yasunori and Ogaki, Keisuke and Matsui, Yusuke and Odagiri, Yuri},
  journal = {arXiv preprint arXiv:1803.08244},
  year = {2018}
}

@article{variational_inference,
  title = {Variational inference: A review for statisticians},
  author = {Blei, David M and Kucukelbir, Alp and McAuliffe, Jon D},
  journal = {Journal of the American statistical Association},
  volume = {112},
  number = {518},
  pages = {859--877},
  year = {2017},
  publisher = {Taylor \& Francis}
}



@inproceedings{vincent2008extracting,
  title      =  {Extracting and composing robust features with denoising autoencoders},
  author     =  {Vincent, Pascal and Larochelle, Hugo and Bengio, Yoshua and Manzagol, Pierre-Antoine},
  booktitle  =  {Proceedings of the 25th international conference on Machine learning},
  pages      =  {1096--1103},
  year       =  {2008}
}
@misc{weaklymultiple,
  title          =  {Weakly Supervised Generative Network for Multiple 3D Human Pose Hypotheses},
  author         =  {Chen Li and Gim Hee Lee},
  year           =  {2020},
  eprint         =  {2008.05770},
  archiveprefix  =  {arXiv},
  primaryclass   =  {cs.CV}
}

@misc{wgangp,
  title = {Improved training of wasserstein gans},
  author = {Gulrajani, Ishaan and Ahmed, Faruk and Arjovsky, Martin and Dumoulin, Vincent and Courville, Aaron C},
  journal = {Advances in neural information processing systems},
  volume = {30},
  pages = {5767--5777},
  year = {2017}
}

@inproceedings{zhang2016colorful,
  title = {Colorful image colorization},
  author = {Zhang, Richard and Isola, Phillip and Efros, Alexei A},
  booktitle = {European conference on computer vision},
  pages = {649--666},
  year = {2016},
  organization = {Springer}
}